<?xml version="1.0" encoding="UTF-8"?><record xmlns="http://www.loc.gov/MARC21/slim" xmlns:cinclude="http://apache.org/cocoon/include/1.0" xmlns:zs="http://www.loc.gov/zing/srw/">
  <leader>00543cz  a2200133n  4500</leader>
  <controlfield tag="001">n  88600399 </controlfield>
  <controlfield tag="003">DLC</controlfield>
  <controlfield tag="005">20080229073235.0</controlfield>
  <controlfield tag="008">880105n| acannaabn          |n and      </controlfield>
  <datafield tag="010" ind1=" " ind2=" ">
    <subfield code="a">n  88600399 </subfield>
  </datafield>
  <datafield tag="035" ind1=" " ind2=" ">
    <subfield code="a">(OCoLC)oca02176258</subfield>
  </datafield>
  <datafield tag="040" ind1=" " ind2=" ">
    <subfield code="a">DLC</subfield>
    <subfield code="b">eng</subfield>
    <subfield code="c">DLC</subfield>
    <subfield code="d">OCoLC</subfield>
  </datafield>
  <datafield tag="110" ind1="2" ind2=" ">
    <subfield code="a">Association of American Railroads.</subfield>
    <subfield code="b">School and College Service</subfield>
  </datafield>
  <datafield tag="670" ind1=" " ind2=" ">
    <subfield code="a">nuc88-191: The Iron horse goes to ... 1963</subfield>
    <subfield code="b">(hdg. on MiEM rept.: Association of American Railroads. School and College Service; usage: School and College Service, Association of American Railroads)</subfield>
  </datafield>
</record>